@article{online_lemondas,
    title={Study: Cancellation rate at 40\% as OTAs push free change policy},
    author={Esther Hertzfeld},
    link={https://www.hotelmanagement.net/tech/study-cancelation-rate-at-40-as-otas-push-free-change-policy}
}

@article{lemondas_hatas_csokkentes,
    title={Hoteliers: How to minimise losses from OTAs cancellations & No-shows},
    author={n},
    link={https://www.welcomepickups.com/blog/topics/hospitality-matters/hoteliers-how-to-minimise-losses-from-otas-cancellations-no-shows/}
}

@article{gepi_tanulas_szallodaipar,
    title={Application of Machine Learning in the Hotel Industry},
    author={n},
    link={https://jaauth.journals.ekb.eg/article_108732_19b7e16e7240aa896469ddc21fcc46bf.pdf}
}

@article{python,
    title={Python},
    author={n},
    link={https://hu.wikipedia.org/wiki/Python_(programoz\%C3\%A1si_nyelv)}
}

@article{project_jupyter,
    title={Project Jupyter},
    author={n},
    link={https://en.wikipedia.org/wiki/Project_Jupyter}
}

@article{numpy,
    title={Numpy},
    author={n},
    link={https://hu.wikipedia.org/wiki/NumPy}
}

@article{pandas,
    title={Pandas},
    author={n},
    link={https://hu.wikipedia.org/wiki/Pandas_(szoftver)}
}

@article{matplotlib,
    title={Matplotlib},
    author={n},
    link={https://en.wikipedia.org/wiki/Matplotlib}
}

@article{seaborn,
    title={Seaborn},
    author={n},
    link={https://pypi.org/project/seaborn/}
}

@article{scikit-learn,
    title={Scikit-learn},
    author={n},
    link={https://en.wikipedia.org/wiki/Scikit-learn}
}

@article{machinelearningbasics,
    title={Machine learning basics},
    author={Microsoft},
    link={https://azure.microsoft.com/hu-hu/overview/what-is-machine-learning-platform/}
}

@article{machinelearningalgorithms,
    title={Machine learning algorithms},
    author={Microsoft},
    link={https://azure.microsoft.com/hu-hu/overview/machine-learning-algorithms/#techniques}
}

@article{reinforcementlearning,
    title={Reinforcement learning},
    author={Szalóki Kristóf},
    link={https://dmlab.hu/blog/a-reinforcement-learning-alapjai/}
}

@article{adathalmaz,
    title={Adathalmaz},
    author={Nuno Antonio, Ana Almeida, Luis Nunes},
    link={https://www.sciencedirect.com/science/article/pii/S2352340918315191}
}

@article{dontesi_fa_1,
    title={Döntési fa},
    author={Wikipedia},
    link={https://hu.wikipedia.org/wiki/D\%C3\%B6nt\%C3\%A9si_fa}
}

@article{dontesi_fa_2,
    title={Decision Trees},
    author={Scikit-learn},
    link={https://scikit-learn.org/stable/modules/tree.html#tree}
}

@article{veletlen_erdo_1,
    title={Random Forest},
    author={Lexiq},
    link={https://lexiq.hu/random-forest}
}

@article{veletlen_erdo_2,
    title={Random Forest},
    author={Scikit-learn},
    link={https://scikit-learn.org/stable/modules/generated/sklearn.ensemble.RandomForestClassifier.html?highlight=random\%20forest#sklearn.ensemble.RandomForestClassifiert}
}

@article{veletlen_erdo_3,
    title={Random Forest},
    author={Rstudio},
    link={https://rstudio-pubs-static.s3.amazonaws.com/4239_fcb292ade17648b097a9806fbe026e74.html}
}

@article{logisztikus_regresszio_1,
    title={Logistic Regression},
    author={Christophm},
    link={https://christophm.github.io/interpretable-ml-book/logistic.html}
}

@article{logisztikus_regresszio_2,
    title={Advantages and Disadvantages of Logistic Regression},
    author={Geeksforgeeks},
    link={https://www.geeksforgeeks.org/advantages-and-disadvantages-of-logistic-regression/}
}

@article{logisztikus_regresszio_3,
    title={Logistic Regression},
    author={Scikit-learn},
    link={https://scikit-learn.org/stable/modules/generated/sklearn.linear_model.LogisticRegression.html?highlight=logistic\%20regression#sklearn.linear_model.LogisticRegression}
}

@article{k_legkozelebbi_1,
    title={Nearest Neighbors Classification},
    author={Scikit-learn},
    link={https://scikit-learn.org/stable/modules/neighbors.html#classification}
}

@article{k_legkozelebbi_2,
    title={Machine Learning Basics with the K-Nearest Neighbors Algorithm},
    author={Onel Harrison},
    link={https://towardsdatascience.com/machine-learning-basics-with-the-k-nearest-neighbors-algorithm-6a6e71d01761}
}

@article{gradient_boosting_1,
    title={Gradient boosting},
    author={Wikipedia},
    link={https://en.wikipedia.org/wiki/Gradient_boosting}
},

@article{gradient_boosting_2,
    title={Gradient Boosting Machines},
    author={UC Business Analytics R Programming Guide},
    link={https://uc-r.github.io/gbm_regression}
},

@article{dontesifa_abra,
    title={Döntési fa ábra},
    link={https://miro.medium.com/max/700/0*4QE-0kavxXfzF_bR.png}
},

@article{veletlenerdo_abra,
    title={Véletlen erdő ábra},
    link={https://i.ytimg.com/vi/goPiwckWE9M/maxresdefault.jpg}
},

@article{logisztikusregresszio_abra,
    title={Logisztikus regresszió ábra},
    link={https://www.graphpad.com/guides/prism/latest/curve-fitting/images/hmfile_hash_38a8acae.png}
},

@article{klegkozelebbi_abra,
    title={K-legközelebbi szomszédon alapuló ábra},
    link={https://miro.medium.com/max/700/1*2zYNhLc522h0zftD1zDh2g.png}
},

@article{gradient_abra,
    title={Gradient Boosting Classifier ábra},
    link={https://www.researchgate.net/profile/Maria-Peraita-Adrados/publication/326379229/figure/fig5/AS:647978477948928@1531501516288/A-simple-example-of-visualizing-gradient-boosting.png}
}

@article{coombs1987markup,
  title={Markup systems and the future of scholarly text processing},
  author={Coombs, James H and Renear, Allen H and DeRose, Steven J},
  journal={Communications of the ACM},
  volume={30},
  number={11},
  pages={933--947},
  year={1987},
  publisher={ACM}
}
